@misc{misc:1,
    title = {Intel® 64 and IA-32 architectures software developer’s manual combined volumes: 1, 2A, 2B, 2C, 2D, 3A, 3B, 3C, 3D, and 4},
    author = {Intel},
    url = {https://www.intel.com/content/www/us/en/developer/articles/technical/intel-sdm.html}
}
@misc{misc:2,
    title = {OsDev Wiki},
    url = {https://wiki.osdev.org/Expanded_Main_Page}
}
@book{book:1412,
   title =     {Algorithms},
   author =    {Sanjoy Dasgupta and Christos Papadimitriou and Umesh Vazirani},
   publisher = {McGraw-Hill Science/Engineering/Math},
   isbn =      {0073523402,9780073523408},
   year =      {2006},
   series =    {},
   edition =   {1},
   volume =    {},
   url =       {http://gen.lib.rus.ec/book/index.php?md5=529078edeb67e6ca26edc683ad3f6a51}
}
@book{book:2759472,
   title =     {Assemblers and loaders},
   author =    {Salomon, David},
   publisher = {Ellis Horwood},
   isbn =      {9780130525642,0130525642},
   year =      {1992},
   series =    {Ellis Horwood series in computers and their applications},
   edition =   {},
   volume =    {},
   url =       {http://gen.lib.rus.ec/book/index.php?md5=A5065F7D488058B77DD8FBF85DF7490F}
}
@book{book:1309309,
   title =     {Compilers - Principles, Techniques, and Tools},
   author =    {Alfred V. Aho and Monica S. Lam and Ravi Sethi and Jeffrey D. Ullman},
   publisher = {Pearson/Addison Wesley},
   isbn =      {0321486811},
   year =      {2006},
   series =    {},
   edition =   {2},
   volume =    {},
   url =       {http://gen.lib.rus.ec/book/index.php?md5=90db32d070cfb70ca617e655d5c35529}
}
@book{book:917849,
   title =     {Computer Architecture, Fifth Edition: A Quantitative Approach},
   author =    {John L. Hennessy and David A. Patterson},
   publisher = {Morgan Kaufmann},
   isbn =      {012383872X,9780123838728},
   year =      {2011},
   series =    {The Morgan Kaufmann Series in Computer Architecture and Design},
   edition =   {5},
   volume =    {},
   url =       {http://gen.lib.rus.ec/book/index.php?md5=041f6d8fb8e6b6d1ed26a824775b5a0d}
}
@book{book:2535395,
   title =     {Computer Systems: A Programmer's Perspective},
   author =    {Bryant  Randal E. and O'Hallaron  David Richard},
   publisher = {Pearson},
   isbn =      {0136108040,9780136108047},
   year =      {2010},
   series =    {},
   edition =   {2},
   volume =    {},
   url =       {http://gen.lib.rus.ec/book/index.php?md5=3E84B730EC874FFDB1A069FF482D112C}
}
@book{book:915673,
   title =     {Structured Computer Organization},
   author =    {Andrew S. Tanenbaum and Todd Austin},
   publisher = {Prentice Hall},
   isbn =      {0132916525,9780132916523},
   year =      {2012},
   series =    {},
   edition =   {6},
   volume =    {},
   url =       {http://gen.lib.rus.ec/book/index.php?md5=f6fc02a547e862360e743754fc06375b}
}
@book{book:2560474,
   title =     {USB: The Universal Serial Bus (FYSOS: Operating System Design Book 8)},
   author =    {Benjamin Lunt},
   publisher = {},
   isbn =      {1717425364},
   year =      {2013},
   series =    {},
   edition =   {},
   volume =    {},
   url =       {http://gen.lib.rus.ec/book/index.php?md5=D4A70ECFDC3F4EB7DC62723D7BCB222C}
}
@book{book:821745,
   title =     {Modern Operating Systems},
   author =    {Andrew S. Tanenbaum},
   publisher = {Pearson Prentice Hall},
   isbn =      {0136006639,9780136006633},
   year =      {2008},
   series =    {},
   edition =   {3},
   volume =    {},
   url =       {http://gen.lib.rus.ec/book/index.php?md5=ac8cd7d4fd0467e923a0c04b7a939f84}
}
@book{book:924556,
   title =     {Operating system concepts},
   author =    {Abraham Silberschatz and Peter B Galvin and Greg Gagne },
   publisher = {Wiley},
   isbn =      {9781118063330,1118063333},
   year =      {2012},
   series =    {},
   edition =   {9},
   volume =    {},
   url =       {http://gen.lib.rus.ec/book/index.php?md5=be3559401fec4b4ba93cc8e2f2e05601}
}
@book{book:748936,
   title =     {Operating systems: internals and design principles},
   author =    {William Stallings},
   publisher = {Prentice Hall},
   isbn =      {013230998X, 9780132309981, 0273751506, 9780273751502, 1299318266, 9781299318267},
   year =      {2011},
   series =    {},
   edition =   {7},
   volume =    {},
   url =       {http://gen.lib.rus.ec/book/index.php?md5=6990c44cecea007aa328a9a86c3027d1}
}
@book{book:2398655,
   title =     {Operating Systems: Three Easy Pieces},
   author =    {Remzi H. Arpaci-Dusseau and Andrea C Arpaci-Dusseau},
   publisher = {Createspace Independent Publishing Platform},
   isbn =      {198508659X,9781985086593},
   year =      {2018},
   series =    {},
   edition =   {Paperback},
   volume =    {},
   url =       {http://gen.lib.rus.ec/book/index.php?md5=aa2c64b8cee2819de114afdebd113e7a}
}
book{book:658757,
   title =     {Mmurtl V1.0},
   author =    {Richard A. Burgess},
   publisher = {Ip Data Corp},
   isbn =      {9781588530004,1588530000},
   year =      {2000},
   series =    {},
   edition =   {},
   volume =    {},
   url =       {http://gen.lib.rus.ec/book/index.php?md5=eb2ae29c03308f4f95a57a2a1dadab22}
}
@book{book:1400099,
   title =     {Operating Systems: Design and Implementation},
   author =    {Andrew S. Tanenbaum and Albert S. Woodhull},
   publisher = {Pearson},
   isbn =      {0131429388, 9780131429383},
   year =      {2006},
   series =    {},
   edition =   {3},
   volume =    {},
   url =       {http://gen.lib.rus.ec/book/index.php?md5=fdafa32272838b3eff5583d668e3192b}
}
@book{book:1310096,
   title =     {The Design and Implementation of the FreeBSD Operating System},
   author =    {Marshall Kirk McKusick and George V. Neville-Neil and Robert N.M. Watson},
   publisher = {Addison-Wesley Professional},
   isbn =      {0321968972,9780321968975},
   year =      {2014},
   series =    {},
   edition =   {2},
   volume =    {},
   url =       {http://gen.lib.rus.ec/book/index.php?md5=bc62cc0f2ad546d5a7b2d2c610ee14ae}
}
@book{book:441007,
   title =     {C: A Reference Manual},
   author =    {Samuel P. Harbison and Guy L. Steele},
   publisher = {Prentice Hall},
   isbn =      {013089592X,9780130895929},
   year =      {2002},
   series =    {},
   edition =   {5},
   volume =    {},
   url =       {http://gen.lib.rus.ec/book/index.php?md5=fe81d808c24e1a0c0d479520db57cd86}
}
@book{book:690930,
   title =     {C Programming Language},
   author =    {Brian W. Kernighan and Dennis M. Ritchie},
   publisher = {Prentice Hall},
   isbn =      {0131103628,9780131103627},
   year =      {1988},
   series =    {},
   edition =   {2},
   volume =    {},
   url =       {http://gen.lib.rus.ec/book/index.php?md5=5013a19e2b20b82d104bae34ac7e5320}
}
@book{book:2751214,
   title =     {Learning the bash shell},
   author =    {Rosenblatt, Bill and Newham, Cameron},
   publisher = {O'Reilly},
   isbn =      {9780596009656,0596009658},
   year =      {2005},
   series =    {Nutshell handbook},
   edition =   {3},
   volume =    {},
   url =       {http://gen.lib.rus.ec/book/index.php?md5=F0B2387CFA911873144412D2DF51E16C}
}
@book{book:78583,
   title =     {Learning the Vi and Vim Editors},
   author =    {Arnold Robbins and Elbert Hannah and Linda Lamb},
   publisher = {O'Reilly Media},
   isbn =      {9780596529833,059652983X},
   year =      {2008},
   series =    {},
   edition =   {7},
   volume =    {},
   url =       {http://gen.lib.rus.ec/book/index.php?md5=bc6fb75f968bcc39e4446c29bf04d2d1}
}
@book{book:78575,
   title =     {Managing Projects with GNU Make},
   author =    {Robert Mecklenburg},
   publisher = {O'Reilly Media},
   isbn =      {0596006101,9780596006105},
   year =      {2004},
   series =    {Nutshell Handbooks},
   edition =   {3},
   volume =    {},
   url =       {http://gen.lib.rus.ec/book/index.php?md5=6754a2b1ac7071ea1ccedc05801f5424}
}
@book{book:1505234,
   title =     {Advanced Programming in the UNIX Environment},
   author =    {Rago, Stephen A. and Stevens, W. Richard},
   publisher = {Addison-Wesley Professional},
   isbn =      {0321637739,9780321637734},
   year =      {2013},
   series =    {Addison-Wesley professional computing series},
   edition =   {3},
   volume =    {},
   url =       {http://gen.lib.rus.ec/book/index.php?md5=8f4dd448cc992b8ab4a38dd056b09478}
}
